@book{braithwaite_steal_2012,
	title = {Methods in Biostatistics with {R}:
A Rigorous and Practical Treatment of Biostatistics Foundations using {R}},
	url = {https://leanpub.com/biostatmethods},
	publisher = {Leanpub},
	author = {Crainiceanu, Ciprian and Caffo, Brian and Muschelli, John},
	month = Apr,
	year = {2018}
},