@Article{muschelli2014binomial,
  title = {Binomial Regression in {R}},
  author = {John Muschelli and Joshua Betz and Ravi Varadhan},
  journal = {Handbook of Statistics: Computational Statistics with {R}},
  volume = {32},
  pages = {257--309},
  year = {2014},
  publisher = {Elsevier},
}