@Article{newell2011minimally,
  title = {Minimally invasive evacuation of spontaneous intracerebral hemorrhage using sonothrombolysis},
  author = {David W Newell and M Mohsin Shah and Robert Wilcox and Douglas R Hansmann and Erik Melnychuk and John Muschelli and Daniel F Hanley},
  journal = {Journal of Neurosurgery},
  volume = {115},
  number = {3},
  pages = {592--601},
  year = {2011},
  publisher = {NIH Public Access},
}

@Article{niedner2011epidemiology,
  title = {Epidemiology of central line-associated bloodstream infections in the pediatric intensive care unit},
  author = {Matthew F Niedner and W Charles Huskins and Elizabeth Colantuoni and John Muschelli and J Mitchell Harris and Tom B Rice and Richard J Brilli and Marlene R Miller},
  journal = {Infection Control},
  volume = {32},
  number = {12},
  pages = {1200--1208},
  year = {2011},
  publisher = {Cambridge University Press},
}
