@Article{gao2025comparing,
  title = {Comparing step counting algorithms for high-resolution wrist accelerometry data in older adults in the {ARIC} study},
  author = {Sunan Gao and Xinkai Zhou and Lily Koffman and Amal A Wanigatunga and Jennifer A Schrack and Ciprian M Crainiceanu and John Muschelli},
  journal = {The Journals of Gerontology, Series A: Biological Sciences and Medical Sciences},
  pages = {glaf034},
  year = {2025},
  publisher = {Oxford University Press US},
}

@Article{zhao2025objectively,
  title = {Objectively measured physical activity using wrist-worn accelerometers as a predictor of incident {A}lzheimerâ€™s Disease in the {UK} {B}iobank},
  author = {Angela Zhao and Erjia Cui and Andrew Leroux and Xinkai Zhou and John Muschelli and Martin A Lindquist and Ciprian M Crainiceanu},
  journal = {The Journals of Gerontology, Series A: Biological Sciences and Medical Sciences},
  volume = {80},
  number = {2},
  pages = {glae287},
  year = {2025},
  publisher = {Oxford University Press US},
}
