@InProceedings{muschelli2020publicly,
  title = {A Publicly Available, High Resolution, Unbiased {CT} Brain Template},
  author = {John Muschelli},
  booktitle = {International Conference on Information Processing and Management of Uncertainty in Knowledge-Based Systems},
  pages = {358--366},
  year = {2020},
}

@Article{ding2020improved,
  title = {An improved algorithm of white matter hyperintensity detection in elderly adults},
  author = {T Ding and AD Cohen and EE O’Connor and HT Karim and A Crainiceanu and J Muschelli and O Lopez and WE Klunk and HJ Aizenstein and R Krafty and others},
  journal = {NeuroImage: Clinical},
  volume = {25},
  pages = {102151},
  year = {2020},
  publisher = {Elsevier},
}

@Article{gherman2020rxnat,
  title = {{Rxnat}: an open-source {R} package for {XNAT}-based repositories},
  author = {Adrian Gherman and John Muschelli and Brian Caffo and Ciprian Crainiceanu},
  journal = {Frontiers in {N}euroinformatics},
  volume = {14},
  year = {2020},
  publisher = {Frontiers Media SA},
}

@Article{hannawi2020postcardiac,
  title = {Postcardiac arrest neurological prognostication with quantitative regional cerebral densitometry},
  author = {Yousef Hannawi and John Muschelli and Maximilian Mulder and Matthew Sharrock and Christian Storm and Christoph Leithner and Ciprian M Crainiceanu and Robert D Stevens},
  journal = {Resuscitation},
  year = {2020},
  publisher = {Elsevier},
  volume = {154},
  pages = {101--109},
}

@Article{hansen2020relationship,
  title = {Relationship of White Matter Lesions with Intracerebral Hemorrhage Expansion and Functional Outcome: {MISTIE} {II} and {CLEAR} {III}},
  author = {Björn M Hansen and Natalie Ullman and John Muschelli and Bo Norrving and Rachel Dlugash and Radhika Avadhani and Issam Awad and Mario Zuccarello and Wendy C Ziai and Daniel F Hanley and others},
  journal = {Neurocritical Care},
  pages = {1--9},
  year = {2020},
  doi = {10.1007/s12028-020-00916-4},
  publisher = {Springer},
}

@Article{ari,
  author = {Sean Kross and Jeffrey T. Leek and John Muschelli},
  title = {{ari: The Automated R Instructor}},
  year = {2020},
  journal = {{The R Journal}},
  doi = {10.32614/RJ-2020-023},
  url = {https://doi.org/10.32614/RJ-2020-023},
  pages = {258--265},
  volume = {12},
  number = {1},
}

@InProceedings{minhas2020statistical,
  title = {Statistical Methods for Processing Neuroimaging Data from Two Different Sites with a {D}own Syndrome Population Application},
  author = {Davneet S Minhas and Zixi Yang and John Muschelli and Charles M Laymon and Joseph M Mettenburg and Matthew D Zammit and Sterling Johnson and Chester A Mathis and Ann D Cohen and Benjamin L Handen and others},
  booktitle = {International Conference on Information Processing and Management of Uncertainty in Knowledge-Based Systems},
  pages = {367--379},
  year = {2020},
}

@Article{rothstein2020doctor,
  title = {`{T}he doctor said formula would help me': Health sector influences on use of infant formula in peri-urban {L}ima, {P}eru},
  author = {Jessica D Rothstein and Laura E Caulfield and Elena T Broaddus-Shea and John Muschelli and Robert H Gilman and Peter J Winch},
  journal = {Social Science \& Medicine},
  volume = {244},
  number = {112324},
  year = {2020},
  publisher = {Elsevier},
  doi = {https://doi.org/10.1016/j.socscimed.2019.05.029},
}

@Article{ryan2020template,
  title = {Template Creation for High-Resolution Computed Tomography Scans of the Lung in {R} Software},
  author = {Sarah M Ryan and Brian Vestal and Lisa A Maier and Nichole E Carlson and John Muschelli},
  journal = {Academic radiology},
  volume = {27},
  number = {8},
  pages = {e204--e215},
  year = {2020},
  publisher = {Elsevier},
}

@Article{Valcarcel2020tapas,
  title = {{TAPAS}: A Thresholding Approach for Probability Map Automatic Segmentation in Multiple Sclerosis },
  author = {Alessandra M Valcarcel and John Muschelli and Dzung L Pham and Melissa L Martin and Paul Yushkevich and Rachel Brandstadter and Matthew K Schindler and Kristina R Patterson and Peter A Calabresi and Rohit Bakshi and Russell T Shinohara},
  journal = {NeuroImage: Clinical},
  year = {2020},
  publisher = {Elsevier},
}
