@Article{muschelli2014brainr,
  title = {{brainR}: Interactive 3 and {4D} Images of High Resolution Neuroimage Data},
  author = {John Muschelli and Elizabeth Sweeney and Ciprian Crainiceanu},
  journal = {R Journal},
  volume = {6},
  number = {1},
  pages = {41--48},
  year = {2014},
}

@Article{muschelli2014binomial,
  title = {Binomial Regression in {R}},
  author = {John Muschelli and Joshua Betz and Ravi Varadhan},
  journal = {Handbook of Statistics: Computational Statistics with {R}},
  volume = {32},
  pages = {257--309},
  year = {2014},
  publisher = {Elsevier},
}

@Article{muschelli2014reduction,
  title = {Reduction of motion-related artifacts in resting state {fMRI} using {aCompCor}},
  author = {John Muschelli* and Mary Beth Nebel* and Brian S Caffo and Anita D Barber and James J Pekar and Stewart H Mostofsky},
  journal = {NeuroImage},
  volume = {96},
  pages = {22--35},
  year = {2014},
  publisher = {Academic Press},
}

@Article{eloyan2014analytic,
  title = {Analytic programming with {fMRI} data: A quick-start guide for statisticians using {R}},
  author = {Ani Eloyan and Shanshan Li and John Muschelli and Jim J Pekar and Stewart H Mostofsky and Brian S Caffo},
  journal = {PLOS ONE},
  volume = {9},
  number = {2},
  pages = {e89470},
  year = {2014},
}

@Article{nebel2014disruption,
  title = {Disruption of functional organization within the primary motor cortex in children with autism},
  author = {Mary Beth Nebel and Suresh E Joel and John Muschelli and Anita D Barber and Brian S Caffo and James J Pekar and Stewart H Mostofsky},
  journal = {Human Brain Mapping},
  volume = {35},
  number = {2},
  pages = {567--580},
  year = {2014},
}
