@Article{muschelli2018freesurfer,
  title = {{freesurfer}: Connecting the {Freesurfer} software with {R}},
  author = {John Muschelli and Elizabeth Sweeney and Ciprian M Crainiceanu},
  journal = {F1000Research},
  volume = {7},
  year = {2018},
}

@Article{muschelli2017neuroconductor,
  author = {John Muschelli and Adrian Gherman and Jean-Philippe Fortin and Brian Avants and Brandon Whitcher and Jonathan D Clayden and Brian S Caffo and Ciprian M Crainiceanu},
  title = {{Neuroconductor}: an {R} platform for medical imaging analysis},
  journal = {Biostatistics},
  pages = {kxx068},
  year = {2018},
  doi = {10.1093/biostatistics/kxx068},
  url = {+ http://dx.doi.org/10.1093/biostatistics/kxx068},
  eprint = {/oup/backfile/content_public/journal/biostatistics/pap/10.1093_biostatistics_kxx068/1/kxx068.pdf},
}

@Article{commowick2018objective,
  title = {Objective Evaluation of Multiple Sclerosis Lesion Segmentation using a Data Management and Processing Infrastructure},
  author = {Olivier Commowick and Audrey Istace and Michael Kain and Baptiste Laurent and Florent Leray and Mathieu Simon and Sorina Camarasu Pop and Pascal Girard and Roxana Ameli and Jean-Christophe Ferré and Anne Kerbrat and Thomas Tourdias and Frédéric Cervenansky and Tristan Glatard and Jeremy Beaumont and Senan Doyle and Florence Forbes and Jesse Knight and April Khademi and Amirreza Mahbod and Chunliang Wang and Richard Mckinley and Franca Wagner and John Muschelli and Elizabeth Sweeney and Eloy Roura and Xavier Lladó and Michel M Santos and Wellington P Santos and Abel G Silva-Filho and Xavier Tomas-Fernandez and Hélène Urien and Isabelle Bloch and Sergi Valverde and Mariano Cabezas and Francisco Javier Vera-Olmos and Norberto Malpica and Charles Guttmann and Sandra Vukusic and Gilles Edan and Michel Dojat and Martin Styner and Simon K Warfield and François Cotton and Christian Barillot},
  year = {2018},
  journal = {Scientific Reports},
  volume = {8},
  issue = {1},
  pages = {13650},
}

@Article{smith2018feasibility,
  title = {Feasibility of Coping Effectiveness Training for Caregivers of Children with Autism Spectrum Disorder: a Genetic Counseling Intervention},
  author = {Christy Haakonsen Smith and Erin Turbitt and John Muschelli and Lori Leonard and Katie L Lewis and Brian Freedman and Michelle Muratori and Barbara B Biesecker},
  journal = {Journal of genetic counseling},
  volume = {27},
  number = {1},
  pages = {252--262},
  year = {2018},
  publisher = {Springer US},
}

@InProceedings{valcarcel2018tapas,
  title = {{TAPAS}: threshold adjustment to probability map automatic segmentations},
  author = {AM Valcarcel and J Muschelli and C Crainiceanu and DL Pham and PA Calabresi and R Bakshi and RT Shinohara},
  booktitle = {MULTIPLE SCLEROSIS JOURNAL},
  volume = {24},
  pages = {629--630},
  year = {2018},
}

@Article{valcarcel2018mimosa,
  title = {{MIMoSA}: An Automated Method for Intermodal Segmentation Analysis of Multiple Sclerosis Brain Lesions},
  author = {Alessandra M Valcarcel and Kristin A Linn and Simon N Vandekar and Theodore D Satterthwaite and John Muschelli and Peter A Calabresi and Dzung L Pham and Melissa Lynne Martin and Russell T Shinohara},
  journal = {Journal of Neuroimaging},
  year = {2018},
}

@InProceedings{valcarcel2018mimosa2,
  title = {{MIMoSA}: An Approach to Automatically Segment {T2} Hyperintense and {T1} Hypointense Lesions in Multiple Sclerosis},
  author = {Alessandra M Valcarcel and Kristin A Linn and Fariha Khalid and Simon N Vandekar and Shahamat Tauhid and Theodore D Satterthwaite and John Muschelli and Rohit Bakshi and Russell T Shinohara},
  booktitle = {International MICCAI Brainlesion Workshop},
  pages = {47--56},
  year = {2018},
}
