@Article{karas2022comparison,
  title = {Comparison of Accelerometry-Based Measures of Physical Activity: Retrospective Observational Data Analysis Study},
  author = {Marta Karas and John Muschelli and Andrew Leroux and Jacek K Urbanek and Amal A Wanigatunga and Jiawei Bai and Ciprian M Crainiceanu and Jennifer A Schrack and others},
  journal = {{JMIR} {mHealth} and {uHealth}},
  volume = {10},
  number = {7},
  pages = {e38077},
  year = {2022},
  publisher = {JMIR Publications Inc., Toronto, Canada},
}

@Article{pham2022ciftitools,
  title = {ciftitools: A package for reading, writing, visualizing, and manipulating cifti files in r},
  author = {Damon D Pham and John Muschelli and Amanda F Mejia},
  journal = {NeuroImage},
  volume = {250},
  pages = {118877},
  year = {2022},
  publisher = {Academic Press},
}

@Article{qi2022genome,
  title = {Genome-wide association studies of 27 accelerometry-derived physical activity measurements identified novel loci and genetic mechanisms},
  author = {Guanghao Qi and Diptavo Dutta and Andrew Leroux and Debashree Ray and John Muschelli and Ciprian Crainiceanu and Nilanjan Chatterjee},
  journal = {Genetic epidemiology},
  volume = {46},
  number = {2},
  pages = {122--138},
  year = {2022},
}

@Article{redd2022curating,
  title = {Curating the Evidence About COVID-19 for Frontline Public Health and Clinical Care: The Novel Coronavirus Research Compendium},
  author = {Andrew D Redd and Lauren S Peetluk and Brooke A Jarrett and Colleen Hanrahan and Sheree Schwartz and Amrita Rao and Andrew E Jaffe and Austin D Peer and Carli B Jones and Chelsea S Lutz and others},
  journal = {Public Health Reports},
  volume = {137},
  number = {2},
  pages = {197--202},
  year = {2022},
  publisher = {SAGE Publications Sage CA: Los Angeles, CA},
}

@Article{sharrock2022bayesian,
  title = {Bayesian deep learning outperforms clinical trial estimators of intracerebral and intraventricular hemorrhage volume},
  author = {Matthew F Sharrock and W Andrew Mould and Meghan Hildreth and E Paul Ryu and Nathan Walborn and Issam A Awad and Daniel F Hanley and John Muschelli},
  journal = {Journal of Neuroimaging},
  year = {2022},
  volume = {32},
  number = {5},
  pages = {968--976},
}

@Article{smirnova2022predictive,
  title = {Predictive performance of selected breath volatile organic carbon compounds in stage 1 lung cancer},
  author = {Ekaterina Smirnova and Christopher Mallow and John Muschelli and Yuan Shao and Jeffrey Thiboutot and Andres Lam and Ana M Rule and Ciprian Crainiceanu and Lonny Yarmus},
  journal = {Translational Lung Cancer Research},
  volume = {11},
  number = {6},
  pages = {1009},
  year = {2022},
  publisher = {AME Publications},
}
