@Article{muschelli2015validated,
  title = {Validated automatic brain extraction of head {CT} images},
  author = {John Muschelli and Natalie L Ullman and W Andrew Mould and Paul Vespa and Daniel F Hanley and Ciprian M Crainiceanu},
  journal = {NeuroImage},
  volume = {114},
  pages = {379--385},
  year = {2015},
  publisher = {Academic Press},
}

@Article{muschelli2015fslr,
  title = {{fslr}: Connecting the {FSL} Software with {R}},
  author = {John Muschelli and Elizabeth Sweeney and Martin Lindquist and Ciprian Crainiceanu},
  journal = {R Journal},
  volume = {7},
  number = {1},
  pages = {163--175},
  year = {2015},
  publisher = {R Foundation for Statistical Computing},
}

@Article{muschelli2015quantitative,
  title = {Quantitative Intracerebral Hemorrhage Localization},
  author = {John Muschelli and Natalie L Ullman and Elizabeth M Sweeney and Ani Eloyan and Neil Martin and Paul Vespa and Daniel F Hanley and Ciprian M Crainiceanu},
  journal = {Stroke},
  volume = {46},
  number = {11},
  pages = {3270--3273},
  year = {2015},
  publisher = {Am Heart Assoc},
}

@Article{choe2015reproducibility,
  title = {Reproducibility and temporal structure in weekly resting-state fMRI over a period of 3.5 years},
  author = {Ann S Choe and Craig K Jones and Suresh E Joel and John Muschelli and Visar Belegu and Brian S Caffo and Martin A Lindquist and Peter CM {van Zijl} and James J Pekar},
  journal = {PloS one},
  volume = {10},
  number = {10},
  pages = {e0140134},
  year = {2015},
  publisher = {Public Library of Science},
}

@Article{webb2015accuracy,
  title = {Accuracy of the {ABC}/2 Score for Intracerebral Hemorrhage Systematic Review and Analysis of {MISTIE}, {CLEAR-IVH}, and {CLEAR III}},
  author = {Alastair JS Webb and Natalie L Ullman and Tim C Morgan and John Muschelli and Joshua Kornbluth and Issam A Awad and Stephen Mayo and Michael Rosenblum and Wendy Ziai and {Aldrich} and Francois Mario Zuccarrello and Sayona John and Sagi Harnof and George Lopez and William C. Broaddus and Christine Wijman and Paul Vespa and Ross Bullock and Stephen J. Haines and Salvador Cruz-Flores and Stan Tuhrim and Michael D. Hill and Raj Narayan and Daniel F. Hanley},
  journal = {Stroke},
  volume = {46},
  number = {9},
  pages = {2470--2476},
  year = {2015},
  publisher = {Am Heart Assoc},
}
