@Article{mould2013minimally,
  title = {Minimally invasive surgery plus recombinant tissue-type plasminogen activator for intracerebral hemorrhage evacuation decreases perihematomal edema},
  author = {W Andrew Mould and J Ricardo Carhuapoma and John Muschelli and Karen Lane and Timothy C Morgan and Nichol A McBee and Amanda J Bistran-Hall and Natalie L Ullman and Paul Vespa and Neil A Martin and Issam Awad and Mario Zuccarello and Daniel F. Hanley},
  journal = {Stroke},
  volume = {44},
  number = {3},
  pages = {627--634},
  year = {2013},
  publisher = {Lippincott Williams \& Wilkins},
}

@Article{mould2013mistie,
  title = {{MISTIE} Investigators: minimally invasive surgery plus recombinant tissue-type plasminogen activator for intracerebral hemorrhage evacuation decreases perihematomal edema},
  author = {WA Mould and JR Carhuapoma and J Muschelli and K Lane and TC Morgan and NA McBee and AJ Bistran-Hall and NL Ullman and P Vespa and NA Martin and Issam Awad and Mario Zuccarello and Daniel F. Hanley},
  journal = {Stroke},
  volume = {44},
  number = {3},
  pages = {627--634},
  year = {2013},
}
