@Article{bundy2016peds,
  title = {Preventive Care Delivery to Young Children With Sickle Cell Disease},
  author = {David G Bundy and John Muschelli and Gwendolyn D Clemens and John J Strouse and Richard E Thompson and James F Casella and Marlene R Miller},
  journal = {Journal of pediatric hematology/oncology},
  volume = {38},
  number = {4},
  pages = {294--300},
  year = {2016},
  publisher = {LWW},
}

@Article{fortin2016removing,
  title = {Removing inter-subject technical variability in magnetic resonance imaging studies},
  author = {Jean-Philippe Fortin and Elizabeth M Sweeney and John Muschelli and Ciprian M Crainiceanu and Russell T Shinohara and Alzheimer's Disease Neuroimaging Initiative and others},
  journal = {NeuroImage},
  volume = {132},
  pages = {198--212},
  year = {2016},
  publisher = {Academic Press},
}

@Article{hanley2016safety,
  title = {Safety and efficacy of minimally invasive surgery plus alteplase in intracerebral haemorrhage evacuation ({MISTIE}): a randomised, controlled, open-label, phase 2 trial},
  author = {Daniel F Hanley and Richard E Thompson and John Muschelli and Michael Rosenblum and Nichol McBee and Karen Lane and Amanda J Bistran-Hall and Steven W Mayo and Penelope Keyl and Dheeraj Gandhi and Tim C Morgan and Natalie Ullman and W Andrew Mould and J Ricardo Carhuapoma and Carlos Kase and Wendy Ziai and Carol B Thompson and Gayane Yenokyan and Emily Huang and William C Broaddus and R Scott Graham and E Francois Aldrich and Robert Dodd and Cristanne Wijman and Jean-Louis Caron and Judy Huang and Paul Camarata and A David Mendelow and Barbara Gregson and Scott Janis and Paul Vespa and Neil Martin and Issam Awad and Mario Zuccarello},
  journal = {The Lancet Neurology},
  volume = {15},
  number = {12},
  pages = {1228--1237},
  year = {2016},
  publisher = {Elsevier},
}

@InProceedings{kickingereder2016large,
  title = {Large-scale radiomic profiling of glioblastoma identifies an imaging signature for predicting and stratifying antiangiogenic treatment response},
  author = {P Kickingereder and M GÃ¶tz and J Muschelli and A Wick and U Neuberger and R Shinohara and A Radbruch and H Schlemmer and W Wick and M Bendszus and K Maier-Hein and D Bonekamp},
  booktitle = {R{\"o}Fo-Fortschritte auf dem Gebiet der R{\"o}ntgenstrahlen und der bildgebenden Verfahren},
  volume = {188},
  number = {S 01},
  pages = {WISS301\_1},
  year = {2016},
}

@Article{sweeney2016relating,
  title = {Relating multi-sequence longitudinal intensity profiles and clinical covariates in incident multiple sclerosis lesions},
  author = {Elizabeth M Sweeney and Russell T Shinohara and Blake E Dewey and Matthew K Schindler and John Muschelli and Daniel S Reich and Ciprian M Crainiceanu and Ani Eloyan},
  journal = {NeuroImage: Clinical},
  volume = {10},
  pages = {1--17},
  year = {2016},
  publisher = {Elsevier},
}
