@Article{ding2020improved,
  title = {An improved algorithm of white matter hyperintensity detection in elderly adults},
  author = {T Ding and AD Cohen and EE O’Connor and HT Karim and A Crainiceanu and J Muschelli and O Lopez and WE Klunk and HJ Aizenstein and R Krafty and others},
  journal = {NeuroImage: Clinical},
  volume = {25},
  pages = {102151},
  year = {2020},
  publisher = {Elsevier},
}

@Article{hansen2020relationship,
  title = {Relationship of White Matter Lesions with Intracerebral Hemorrhage Expansion and Functional Outcome: {MISTIE} {II} and {CLEAR} {III}},
  author = {Björn M Hansen and Natalie Ullman and John Muschelli and Bo Norrving and Rachel Dlugash and Radhika Avadhani and Issam Awad and Mario Zuccarello and Wendy C Ziai and Daniel F Hanley and others},
  journal = {Neurocritical Care},
  pages = {1--9},
  year = {2020},
  doi = {10.1007/s12028-020-00916-4},
  publisher = {Springer},
}

@Article{rothstein2020doctor,
  title = {`{T}he doctor said formula would help me': Health sector influences on use of infant formula in peri-urban {L}ima, {P}eru},
  author = {Jessica D Rothstein and Laura E Caulfield and Elena T Broaddus-Shea and John Muschelli and Robert H Gilman and Peter J Winch},
  journal = {Social Science \& Medicine},
  volume = {244},
  number = {C},
  year = {2020},
  publisher = {Elsevier},
}

@Article{muschelli2019roc,
  author = {John Muschelli},
  title = {{ROC} and {AUC} with a Binary Predictor: a Potentially Misleading Metric},
  journal = {Journal of Classification},
  pages = {1--13},
  year = {2019},
  publisher = {Springer US},
}

@Article{muschelli2019ct,
  author = {John Muschelli},
  title = {Recommendations for Processing Head {CT} Data},
  journal = {Frontiers in Neuroinformatics},
  volume = {13},
  pages = {61},
  year = {2019},
  url = {https://www.frontiersin.org/article/10.3389/fninf.2019.00061},
  doi = {10.3389/fninf.2019.00061},
  issn = {1662-5196},
}

@Article{hadavand2019analysis,
  title = {Analysis of Student Behavior Using the {R} Package {crsra}},
  author = {Aboozar Hadavand and John Muschelli and Jeffrey Leek},
  journal = {Journal of Learning Analytics},
  volume = {6},
  number = {2},
  pages = {140--152},
  year = {2019},
}

@Article{ryan2019template,
  title = {Template Creation for High-Resolution Computed Tomography Scans of the Lung in {R} Software},
  author = {Sarah M Ryan and Brian Vestal and Lisa A Maier and Nichole E Carlson and John Muschelli},
  journal = {Academic Radiology},
  year = {2019},
  publisher = {Elsevier},
}

@Article{muschelli2018freesurfer,
  title = {{freesurfer}: Connecting the {Freesurfer} software with {R}},
  author = {John Muschelli and Elizabeth Sweeney and Ciprian M Crainiceanu},
  journal = {F1000Research},
  volume = {7},
  year = {2018},
}

@Article{muschelli2017neuroconductor,
  author = {John Muschelli and Adrian Gherman and Jean-Philippe Fortin and Brian Avants and Brandon Whitcher and Jonathan D Clayden and Brian S Caffo and Ciprian M Crainiceanu},
  title = {{Neuroconductor}: an {R} platform for medical imaging analysis},
  journal = {Biostatistics},
  pages = {kxx068},
  year = {2018},
  doi = {10.1093/biostatistics/kxx068},
  url = { + http://dx.doi.org/10.1093/biostatistics/kxx068},
  eprint = {/oup/backfile/content_public/journal/biostatistics/pap/10.1093_biostatistics_kxx068/1/kxx068.pdf},
}

@Article{commowick2018objective,
  title = {Objective Evaluation of Multiple Sclerosis Lesion Segmentation using a Data Management and Processing Infrastructure},
  author = {Olivier Commowick and Audrey Istace and Michael Kain and Baptiste Laurent and Florent Leray and Mathieu Simon and Sorina Camarasu Pop and Pascal Girard and Roxana Ameli and Jean-Christophe Ferré and Anne Kerbrat and Thomas Tourdias and Frédéric Cervenansky and Tristan Glatard and Jeremy Beaumont and Senan Doyle and Florence Forbes and Jesse Knight and April Khademi and Amirreza Mahbod and Chunliang Wang and Richard Mckinley and Franca Wagner and John Muschelli and Elizabeth Sweeney and Eloy Roura and Xavier Lladó and Michel M Santos and Wellington P Santos and Abel G Silva-Filho and Xavier Tomas-Fernandez and Hélène Urien and Isabelle Bloch and Sergi Valverde and Mariano Cabezas and Francisco Javier Vera-Olmos and Norberto Malpica and Charles Guttmann and Sandra Vukusic and Gilles Edan and Michel Dojat and Martin Styner and Simon K Warfield and François Cotton and Christian Barillot},
  year = {2018},
  journal = {Scientific Reports},
}

@Article{smith2018feasibility,
  title = {Feasibility of Coping Effectiveness Training for Caregivers of Children with Autism Spectrum Disorder: a Genetic Counseling Intervention},
  author = {Christy Haakonsen Smith and Erin Turbitt and John Muschelli and Lori Leonard and Katie L Lewis and Brian Freedman and Michelle Muratori and Barbara B Biesecker},
  journal = {Journal of genetic counseling},
  volume = {27},
  number = {1},
  pages = {252--262},
  year = {2018},
  publisher = {Springer US},
}

@InProceedings{valcarcel2018tapas,
  title = {{TAPAS}: threshold adjustment to probability map automatic segmentations},
  author = {AM Valcarcel and J Muschelli and C Crainiceanu and DL Pham and PA Calabresi and R Bakshi and RT Shinohara},
  booktitle = {MULTIPLE SCLEROSIS JOURNAL},
  volume = {24},
  pages = {629--630},
  year = {2018},
}

@Article{valcarcel2018mimosa,
  title = {{MIMoSA}: An Automated Method for Intermodal Segmentation Analysis of Multiple Sclerosis Brain Lesions},
  author = {Alessandra M Valcarcel and Kristin A Linn and Simon N Vandekar and Theodore D Satterthwaite and John Muschelli and Peter A Calabresi and Dzung L Pham and Melissa Lynne Martin and Russell T Shinohara},
  journal = {Journal of Neuroimaging},
  year = {2018},
}

@InProceedings{valcarcel2018mimosa2,
  title = {{MIMoSA}: An Approach to Automatically Segment {T2} Hyperintense and {T1} Hypointense Lesions in Multiple Sclerosis},
  author = {Alessandra M Valcarcel and Kristin A Linn and Fariha Khalid and Simon N Vandekar and Shahamat Tauhid and Theodore D Satterthwaite and John Muschelli and Rohit Bakshi and Russell T Shinohara},
  booktitle = {International MICCAI Brainlesion Workshop},
  pages = {47--56},
  year = {2018},
}

@Article{muschelli2016pitch,
  title = {{PItcHPERFeCT}: Primary Intracranial Hemorrhage Probability Estimation using Random Forests on {CT}},
  journal = {{NeuroImage}: Clinical },
  volume = {14},
  pages = {379 - 390},
  year = {2017},
  issn = {2213-1582},
  doi = {http://dx.doi.org/10.1016/j.nicl.2017.02.007},
  url = {http://www.sciencedirect.com/science/article/pii/S2213158217300414},
  author = {John Muschelli and Elizabeth M. Sweeney and Natalie L. Ullman and Paul Vespa and Daniel F. Hanley and Ciprian M. Crainiceanu},
}

@Article{hanley2017thrombolytic,
  title = {Thrombolytic removal of intraventricular haemorrhage in treatment of severe stroke: results of the randomised, multicentre, multiregion, placebo-controlled {CLEAR} {III} trial},
  author = {Daniel F Hanley and Karen Lane and Nichol McBee and Wendy Ziai and Stanley Tuhrim and Kennedy R Lees and Jesse Dawson and Dheeraj Gandhi and Natalie Ullman and W Andrew Mould and Steven W Mayo and A David Mendelow and Barbara Gregson and Kenneth Butcher and Paul Vespa and David W Wright and Carlos S Kase and J Ricardo Carhuapoma and Penelope M Keyl and Marie Diener-West and John Muschelli and Joshua F Betz and Carol B Thompson and Elizabeth A Sugar and Gayane Yenokyan and Scott Janis and Sayona John and Sagi Harnof and George A Lopez and E Francois Aldrich and Mark R Harrigan and Safdar Ansari and Jack Jallo and Jean-Louis Caron and David LeDoux and Opeolu Adeoye and Mario Zuccarello and Harold P Adams and Michael Rosenblum and Richard E Thompson and Issam A Awad},
  journal = {The Lancet},
  volume = {389},
  number = {10069},
  pages = {603--611},
  year = {2017},
  publisher = {Elsevier},
}

@Article{kickingereder2017radiomic,
  title = {Radiomic subtyping improves disease stratification beyond key molecular, clinical and standard imaging characteristics in patients with glioblastoma.},
  journal = {{Neuro-Oncology}},
  year = {2017},
  author = {Philipp Kickingereder and Ulf Neuberger and David Bonekamp and Paula Piechotta and Michael Götz and Antje Wick and Martin Sill and Annekathrin Kratz and Russell Shinohara and David Jones and Alexander Radbruch and John Muschelli and Andreas Unterberg and Juergen Debus and Heinz-Peter Schlemmer and Christel Herold-Mende and Stefan Pfister and Andreas {von Deimling} and Wolfgang Wick and David Capper and Klaus Maier-Hein and Martin Bendszus},
}

@Article{maier2017isles,
  author = {O. Maier and B.H. Menze and J. {von der Gablentz} and L. Häni and M.P. Heinrich and M. Liebrand and S. Winzeck and A. Basit and P. Bentley and L. Chen and D. Christiaens and F. Dutil and K. Egger and C. Feng and B. Glocker and M. Götz and T. Haeck and H.-L. Halme and M. Havaei and K.M. Iftekharuddin and P.-M. Jodoin and K. Kamnitsas and E. Kellner and A. Korvenoja and H. Larochelle and C. Ledig and J.-H. Lee and F. Maes and Q. Mahmood and K.H. Maier-Hein and R. McKinley and J. Muschelli and C. Pal and L. Pei and J.R. Rangarajan and S.M.S. Reza and D. Robben and D. Rueckert and E. Salli and P. Suetens and C.-W. Wang and M. Wilms and J.S. Kirschke and U.M. Krämer and T.F. Münte and P. Schramm and R. Wiest and H. Handels and M. Reyes},
  title = {{ISLES} 2015 - A public evaluation benchmark for ischemic stroke lesion segmentation from multispectral {MRI}},
  journal = {Medical Image Analysis},
  year = {2017},
  volume = {35},
  pages = {250-269},
  doi = {10.1016/j.media.2016.07.009},
  note = {cited By 14},
  url = {https://www.scopus.com/inward/record.uri?eid=2-s2.0-84979950799&doi=10.1016%2fj.media.2016.07.009&partnerID=40&md5=15537a210adbbc102bcef75103bee7df},
  document_type = {Article},
  source = {Scopus},
}

@Article{bundy2016peds,
  title = {Preventive Care Delivery to Young Children With Sickle Cell Disease},
  author = {David G Bundy and John Muschelli and Gwendolyn D Clemens and John J Strouse and Richard E Thompson and James F Casella and Marlene R Miller},
  journal = {Journal of pediatric hematology/oncology},
  volume = {38},
  number = {4},
  pages = {294--300},
  year = {2016},
  publisher = {LWW},
}

@Article{fortin2016removing,
  title = {Removing inter-subject technical variability in magnetic resonance imaging studies},
  author = {Jean-Philippe Fortin and Elizabeth M Sweeney and John Muschelli and Ciprian M Crainiceanu and Russell T Shinohara and Alzheimer's Disease Neuroimaging Initiative and others},
  journal = {NeuroImage},
  volume = {132},
  pages = {198--212},
  year = {2016},
  publisher = {Academic Press},
}

@Article{hanley2016safety,
  title = {Safety and efficacy of minimally invasive surgery plus alteplase in intracerebral haemorrhage evacuation ({MISTIE}): a randomised, controlled, open-label, phase 2 trial},
  author = {Daniel F Hanley and Richard E Thompson and John Muschelli and Michael Rosenblum and Nichol McBee and Karen Lane and Amanda J Bistran-Hall and Steven W Mayo and Penelope Keyl and Dheeraj Gandhi and Tim C Morgan and Natalie Ullman and W Andrew Mould and J Ricardo Carhuapoma and Carlos Kase and Wendy Ziai and Carol B Thompson and Gayane Yenokyan and Emily Huang and William C Broaddus and R Scott Graham and E Francois Aldrich and Robert Dodd and Cristanne Wijman and Jean-Louis Caron and Judy Huang and Paul Camarata and A David Mendelow and Barbara Gregson and Scott Janis and Paul Vespa and Neil Martin and Issam Awad and Mario Zuccarello},
  journal = {The Lancet Neurology},
  volume = {15},
  number = {12},
  pages = {1228--1237},
  year = {2016},
  publisher = {Elsevier},
}

@InProceedings{kickingereder2016large,
  title = {Large-scale radiomic profiling of glioblastoma identifies an imaging signature for predicting and stratifying antiangiogenic treatment response},
  author = {P Kickingereder and M Götz and J Muschelli and A Wick and U Neuberger and R Shinohara and A Radbruch and H Schlemmer and W Wick and M Bendszus and K Maier-Hein and D Bonekamp},
  booktitle = {R{\"o}Fo-Fortschritte auf dem Gebiet der R{\"o}ntgenstrahlen und der bildgebenden Verfahren},
  volume = {188},
  number = {S 01},
  pages = {WISS301\_1},
  year = {2016},
}

@Article{sweeney2016relating,
  title = {Relating multi-sequence longitudinal intensity profiles and clinical covariates in incident multiple sclerosis lesions},
  author = {Elizabeth M Sweeney and Russell T Shinohara and Blake E Dewey and Matthew K Schindler and John Muschelli and Daniel S Reich and Ciprian M Crainiceanu and Ani Eloyan},
  journal = {NeuroImage: Clinical},
  volume = {10},
  pages = {1--17},
  year = {2016},
  publisher = {Elsevier},
}

@Article{muschelli2015validated,
  title = {Validated automatic brain extraction of head {CT} images},
  author = {John Muschelli and Natalie L Ullman and W Andrew Mould and Paul Vespa and Daniel F Hanley and Ciprian M Crainiceanu},
  journal = {NeuroImage},
  volume = {114},
  pages = {379--385},
  year = {2015},
  publisher = {Academic Press},
}

@Article{muschelli2015fslr,
  title = {{fslr}: Connecting the {FSL} Software with {R}},
  author = {John Muschelli and Elizabeth Sweeney and Martin Lindquist and Ciprian Crainiceanu},
  journal = {R Journal},
  volume = {7},
  number = {1},
  pages = {163--175},
  year = {2015},
  publisher = {R Foundation for Statistical Computing},
}

@Article{muschelli2015quantitative,
  title = {Quantitative Intracerebral Hemorrhage Localization},
  author = {John Muschelli and Natalie L Ullman and Elizabeth M Sweeney and Ani Eloyan and Neil Martin and Paul Vespa and Daniel F Hanley and Ciprian M Crainiceanu},
  journal = {Stroke},
  volume = {46},
  number = {11},
  pages = {3270--3273},
  year = {2015},
  publisher = {Am Heart Assoc},
}

@Article{choe2015reproducibility,
  title = {Reproducibility and temporal structure in weekly resting-state {fMRI} over a period of 3.5 years},
  author = {Ann S Choe and Craig K Jones and Suresh E Joel and John Muschelli and Visar Belegu and Brian S Caffo and Martin A Lindquist and Peter CM {van Zijl} and James J Pekar},
  journal = {PloS one},
  volume = {10},
  number = {10},
  pages = {e0140134},
  year = {2015},
  publisher = {Public Library of Science},
}

@Article{webb2015accuracy,
  title = {Accuracy of the {ABC}/2 Score for Intracerebral Hemorrhage Systematic Review and Analysis of {MISTIE}, {CLEAR-IVH}, and {CLEAR III}},
  author = {Alastair JS Webb and Natalie L Ullman and Tim C Morgan and John Muschelli and Joshua Kornbluth and Issam A Awad and Stephen Mayo and Michael Rosenblum and Wendy Ziai and {Aldrich} and Francois Mario Zuccarrello and Sayona John and Sagi Harnof and George Lopez and William C. Broaddus and Christine Wijman and Paul Vespa and Ross Bullock and Stephen J. Haines and Salvador Cruz-Flores and Stan Tuhrim and Michael D. Hill and Raj Narayan and Daniel F. Hanley},
  journal = {Stroke},
  volume = {46},
  number = {9},
  pages = {2470--2476},
  year = {2015},
  publisher = {Am Heart Assoc},
}

@Article{muschelli2014brainr,
  title = {{brainR}: Interactive 3 and {4D} Images of High Resolution Neuroimage Data},
  author = {John Muschelli and Elizabeth Sweeney and Ciprian Crainiceanu},
  journal = {R Journal},
  volume = {6},
  number = {1},
  pages = {41--48},
  year = {2014},
}

@Article{muschelli2014binomial,
  title = {Binomial Regression in {R}},
  author = {John Muschelli and Joshua Betz and Ravi Varadhan},
  journal = {Handbook of Statistics: Computational Statistics with {R}},
  volume = {32},
  pages = {257--309},
  year = {2014},
  publisher = {Elsevier},
}

@Article{muschelli2014reduction,
  title = {Reduction of motion-related artifacts in resting state {fMRI} using {aCompCor}},
  author = {John Muschelli* and Mary Beth Nebel* and Brian S Caffo and Anita D Barber and James J Pekar and Stewart H Mostofsky},
  journal = {NeuroImage},
  volume = {96},
  pages = {22--35},
  year = {2014},
  publisher = {Academic Press},
}

@Article{eloyan2014analytic,
  title = {Analytic programming with {fMRI} data: A quick-start guide for statisticians using {R}},
  author = {Ani Eloyan and Shanshan Li and John Muschelli and Jim J Pekar and Stewart H Mostofsky and Brian S Caffo},
  journal = {PLOS ONE},
  volume = {9},
  number = {2},
  pages = {e89470},
  year = {2014},
}

@Article{nebel2014disruption,
  title = {Disruption of functional organization within the primary motor cortex in children with autism},
  author = {Mary Beth Nebel and Suresh E Joel and John Muschelli and Anita D Barber and Brian S Caffo and James J Pekar and Stewart H Mostofsky},
  journal = {Human Brain Mapping},
  volume = {35},
  number = {2},
  pages = {567--580},
  year = {2014},
}

@Article{mould2013minimally,
  title = {Minimally invasive surgery plus recombinant tissue-type plasminogen activator for intracerebral hemorrhage evacuation decreases perihematomal edema},
  author = {W Andrew Mould and J Ricardo Carhuapoma and John Muschelli and Karen Lane and Timothy C Morgan and Nichol A McBee and Amanda J Bistran-Hall and Natalie L Ullman and Paul Vespa and Neil A Martin and Issam Awad and Mario Zuccarello and Daniel F. Hanley},
  journal = {Stroke},
  volume = {44},
  number = {3},
  pages = {627--634},
  year = {2013},
  publisher = {Lippincott Williams \& Wilkins},
}

@Article{mould2013mistie,
  title = {{MISTIE} Investigators: minimally invasive surgery plus recombinant tissue-type plasminogen activator for intracerebral hemorrhage evacuation decreases perihematomal edema},
  author = {WA Mould and JR Carhuapoma and J Muschelli and K Lane and TC Morgan and NA McBee and AJ Bistran-Hall and NL Ullman and P Vespa and NA Martin and Issam Awad and Mario Zuccarello and Daniel F. Hanley},
  journal = {Stroke},
  volume = {44},
  number = {3},
  pages = {627--634},
  year = {2013},
}

@Article{bundy2012ambulatory,
  title = {Ambulatory care connections of medicaid-insured children with sickle cell disease},
  author = {David G Bundy and John Muschelli and Gwendolyn D Clemens and John J Strouse and Richard E Thompson and James F Casella and Marlene R Miller},
  journal = {Pediatric Blood \& Cancer},
  year = {2012},
  volume = {59},
  number = {5},
  pages = {888--894},
  publisher = {Wiley Online Library},
}

@Article{eloyan2012automated,
  title = {Automated diagnoses of attention deficit hyperactive disorder using magnetic resonance imaging},
  author = {Ani Eloyan and John Muschelli and Mary Beth Nebel and Han Liu and Fang Han and Tuo Zhao and Anita D Barber and Suresh Joel and James J Pekar and Stewart H Mostofsky and others},
  journal = {Frontiers in Systems Neuroscience},
  volume = {6},
  year = {2012},
  pages = {6},
  publisher = {Frontiers Media SA},
}

@Article{hinson2012drainage,
  title = {Drainage efficiency with dual versus single catheters in severe intraventricular hemorrhage},
  author = {Holly E Hinson and Eric Melnychuk and John Muschelli and Daniel F Hanley and Issam A Awad and Wendy C Ziai},
  journal = {Neurocritical Care},
  volume = {16},
  number = {3},
  pages = {399--405},
  year = {2012},
  publisher = {Humana Press Inc},
}

@Article{jaffe2012ventricular,
  title = {Ventricular catheter location and the clearance of intraventricular hemorrhage},
  author = {Jennifer Jaffe and Eric Melnychuk and John Muschelli and Wendy Ziai and Timothy Morgan and Daniel F Hanley and Issam A Awad},
  journal = {Neurosurgery},
  volume = {70},
  number = {5},
  pages = {1258--1264},
  year = {2012},
  publisher = {NIH Public Access},
}

@Article{webb2012resolution,
  title = {Resolution of Intraventricular Hemorrhage Varies by Ventricular Region and Dose of Intraventricular Thrombolytic The Clot Lysis: Evaluating Accelerated Resolution of {IVH} ({CLEAR} {IVH}) Program},
  author = {Alastair JS Webb and Natalie L Ullman and Sarah Mann and John Muschelli and Issam A Awad and Daniel F Hanley},
  journal = {Stroke},
  volume = {43},
  number = {6},
  pages = {1666--1668},
  year = {2012},
  publisher = {Lippincott Williams \& Wilkins},
}

@Article{ziai2012factors,
  title = {Factors affecting clot lysis rates in patients with spontaneous intraventricular hemorrhage},
  author = {Wendy C Ziai and John Muschelli and Carol B Thompson and Penelope M Keyl and Karen Lane and Shuai Shao and Daniel F Hanley},
  journal = {Stroke},
  volume = {43},
  number = {5},
  pages = {1234--1239},
  year = {2012},
  publisher = {Lippincott Williams \& Wilkins},
}

@Article{newell2011minimally,
  title = {Minimally invasive evacuation of spontaneous intracerebral hemorrhage using sonothrombolysis},
  author = {David W Newell and M Mohsin Shah and Robert Wilcox and Douglas R Hansmann and Erik Melnychuk and John Muschelli and Daniel F Hanley},
  journal = {Journal of Neurosurgery},
  volume = {115},
  number = {3},
  pages = {592--601},
  year = {2011},
  publisher = {NIH Public Access},
}

@Article{niedner2011epidemiology,
  title = {Epidemiology of central line-associated bloodstream infections in the pediatric intensive care unit},
  author = {Matthew F Niedner and W Charles Huskins and Elizabeth Colantuoni and John Muschelli and J Mitchell Harris and Tom B Rice and Richard J Brilli and Marlene R Miller},
  journal = {Infection Control},
  volume = {32},
  number = {12},
  pages = {1200--1208},
  year = {2011},
  publisher = {Cambridge University Press},
}
