@Article{koffman2024evaluating,
  title = {Evaluating Step Counting Algorithms on Subsecond Wrist-Worn Accelerometry: A Comparison Using Publicly Available Data Sets},
  author = {Lily Koffman and John Muschelli},
  journal = {Journal for the Measurement of Physical Behaviour},
  volume = {7},
  number = {1},
  year = {2024},
  publisher = {Human Kinetics},
}

@Article{leroux2024nhanes,
  title = {{NHANES} 2011-2014: Objective physical activity is the strongest predictor of all-cause mortality},
  author = {Andrew Leroux and Erjia Cui and Ekaterina Smirnova and John Muschelli and Jennifer A Schrack and Ciprian M Crainiceanu},
  journal = {Medicine and science in sports and exercise},
  volume = {56},
  number = {10},
  pages = {1926--1934},
  year = {2024},
}

@Article{wright2024open,
  title = {Open Case Studies: Statistics and Data Science Education through Real-World Applications},
  author = {Carrie Wright and Qier Meng and Michael R Breshock and Lyla Atta and Margaret A Taub and Leah R Jager and John Muschelli and Stephanie C Hicks},
  journal = {Journal of Statistics and Data Science Education},
  volume = {32},
  number = {4},
  pages = {331--344},
  year = {2024},
  publisher = {Taylor \& Francis},
}

@Article{zhao2024objectively,
  title = {Objectively measured physical activity using wrist-worn accelerometers as a predictor of incident {A}lzheimerâ€™s Disease in the {UK} {B}iobank},
  author = {Angela Zhao and Erjia Cui and Andrew Leroux and Xinkai Zhou and John Muschelli and Martin A Lindquist and Ciprian M Crainiceanu},
  journal = {The Journals of Gerontology, Series A: Biological Sciences and Medical Sciences},
  pages = {glae287},
  year = {2024},
  publisher = {Oxford University Press US},
}
