@Article{muschelli2016pitch,
  title = {{PItcHPERFeCT}: Primary Intracranial Hemorrhage Probability Estimation using Random Forests on {CT}},
  journal = {{NeuroImage}: Clinical},
  volume = {14},
  pages = {379 - 390},
  year = {2017},
  issn = {2213-1582},
  doi = {http://dx.doi.org/10.1016/j.nicl.2017.02.007},
  url = {http://www.sciencedirect.com/science/article/pii/S2213158217300414},
  author = {John Muschelli and Elizabeth M. Sweeney and Natalie L. Ullman and Paul Vespa and Daniel F. Hanley and Ciprian M. Crainiceanu},
}

@Article{hanley2017thrombolytic,
  title = {Thrombolytic removal of intraventricular haemorrhage in treatment of severe stroke: results of the randomised, multicentre, multiregion, placebo-controlled {CLEAR} {III} trial},
  author = {Daniel F Hanley and Karen Lane and Nichol McBee and Wendy Ziai and Stanley Tuhrim and Kennedy R Lees and Jesse Dawson and Dheeraj Gandhi and Natalie Ullman and W Andrew Mould and Steven W Mayo and A David Mendelow and Barbara Gregson and Kenneth Butcher and Paul Vespa and David W Wright and Carlos S Kase and J Ricardo Carhuapoma and Penelope M Keyl and Marie Diener-West and John Muschelli and Joshua F Betz and Carol B Thompson and Elizabeth A Sugar and Gayane Yenokyan and Scott Janis and Sayona John and Sagi Harnof and George A Lopez and E Francois Aldrich and Mark R Harrigan and Safdar Ansari and Jack Jallo and Jean-Louis Caron and David LeDoux and Opeolu Adeoye and Mario Zuccarello and Harold P Adams and Michael Rosenblum and Richard E Thompson and Issam A Awad},
  journal = {The Lancet},
  volume = {389},
  number = {10069},
  pages = {603--611},
  year = {2017},
  publisher = {Elsevier},
}

@Article{kickingereder2017radiomic,
  title = {Radiomic subtyping improves disease stratification beyond key molecular, clinical and standard imaging characteristics in patients with glioblastoma.},
  journal = {{Neuro-Oncology}},
  year = {2017},
  author = {Philipp Kickingereder and Ulf Neuberger and David Bonekamp and Paula Piechotta and Michael Götz and Antje Wick and Martin Sill and Annekathrin Kratz and Russell Shinohara and David Jones and Alexander Radbruch and John Muschelli and Andreas Unterberg and Juergen Debus and Heinz-Peter Schlemmer and Christel Herold-Mende and Stefan Pfister and Andreas {von Deimling} and Wolfgang Wick and David Capper and Klaus Maier-Hein and Martin Bendszus},
}

@Article{maier2017isles,
  author = {O. Maier and B.H. Menze and J. {von der Gablentz} and L. Häni and M.P. Heinrich and M. Liebrand and S. Winzeck and A. Basit and P. Bentley and L. Chen and D. Christiaens and F. Dutil and K. Egger and C. Feng and B. Glocker and M. Götz and T. Haeck and H.-L. Halme and M. Havaei and K.M. Iftekharuddin and P.-M. Jodoin and K. Kamnitsas and E. Kellner and A. Korvenoja and H. Larochelle and C. Ledig and J.-H. Lee and F. Maes and Q. Mahmood and K.H. Maier-Hein and R. McKinley and J. Muschelli and C. Pal and L. Pei and J.R. Rangarajan and S.M.S. Reza and D. Robben and D. Rueckert and E. Salli and P. Suetens and C.-W. Wang and M. Wilms and J.S. Kirschke and U.M. Krämer and T.F. Münte and P. Schramm and R. Wiest and H. Handels and M. Reyes},
  title = {{ISLES} 2015 - A public evaluation benchmark for ischemic stroke lesion segmentation from multispectral {MRI}},
  journal = {Medical Image Analysis},
  year = {2017},
  volume = {35},
  pages = {250-269},
  doi = {10.1016/j.media.2016.07.009},
  note = {cited By 14},
  url = {https://www.scopus.com/inward/record.uri?eid=2-s2.0-84979950799&doi=10.1016%2fj.media.2016.07.009&partnerID=40&md5=15537a210adbbc102bcef75103bee7df},
  document_type = {Article},
  source = {Scopus},
}
