@Article{muschelli2019roc,
  author = {John Muschelli},
  title = {{ROC} and {AUC} with a Binary Predictor: a Potentially Misleading Metric},
  journal = {Journal of Classification},
  pages = {1--13},
  year = {2019},
  publisher = {Springer US},
}

@Article{muschelli2019ct,
  author = {John Muschelli},
  title = {Recommendations for Processing Head {CT} Data},
  journal = {Frontiers in Neuroinformatics},
  volume = {13},
  pages = {61},
  year = {2019},
  url = {https://www.frontiersin.org/article/10.3389/fninf.2019.00061},
  doi = {10.3389/fninf.2019.00061},
  issn = {1662-5196},
}

@Article{hadavand2019analysis,
  title = {Analysis of Student Behavior Using the {R} Package {crsra}},
  author = {Aboozar Hadavand and John Muschelli and Jeffrey Leek},
  journal = {Journal of Learning Analytics},
  volume = {6},
  number = {2},
  pages = {140--152},
  year = {2019},
}
