@Article{bundy2012ambulatory,
  title = {Ambulatory care connections of medicaid-insured children with sickle cell disease},
  author = {David G Bundy and John Muschelli and Gwendolyn D Clemens and John J Strouse and Richard E Thompson and James F Casella and Marlene R Miller},
  journal = {Pediatric Blood \& Cancer},
  year = {2012},
  volume = {59},
  number = {5},
  pages = {888--894},
  publisher = {Wiley Online Library},
}

@Article{eloyan2012automated,
  title = {Automated diagnoses of attention deficit hyperactive disorder using magnetic resonance imaging},
  author = {Ani Eloyan and John Muschelli and Mary Beth Nebel and Han Liu and Fang Han and Tuo Zhao and Anita D Barber and Suresh Joel and James J Pekar and Stewart H Mostofsky and others},
  journal = {Frontiers in Systems Neuroscience},
  volume = {6},
  year = {2012},
  pages = {6},
  publisher = {Frontiers Media SA},
}

@Article{hinson2012drainage,
  title = {Drainage efficiency with dual versus single catheters in severe intraventricular hemorrhage},
  author = {Holly E Hinson and Eric Melnychuk and John Muschelli and Daniel F Hanley and Issam A Awad and Wendy C Ziai},
  journal = {Neurocritical Care},
  volume = {16},
  number = {3},
  pages = {399--405},
  year = {2012},
  publisher = {Humana Press Inc},
}

@Article{jaffe2012ventricular,
  title = {Ventricular catheter location and the clearance of intraventricular hemorrhage},
  author = {Jennifer Jaffe and Eric Melnychuk and John Muschelli and Wendy Ziai and Timothy Morgan and Daniel F Hanley and Issam A Awad},
  journal = {Neurosurgery},
  volume = {70},
  number = {5},
  pages = {1258--1264},
  year = {2012},
  publisher = {NIH Public Access},
}

@Article{webb2012resolution,
  title = {Resolution of Intraventricular Hemorrhage Varies by Ventricular Region and Dose of Intraventricular Thrombolytic The Clot Lysis: Evaluating Accelerated Resolution of {IVH} ({CLEAR} {IVH}) Program},
  author = {Alastair JS Webb and Natalie L Ullman and Sarah Mann and John Muschelli and Issam A Awad and Daniel F Hanley},
  journal = {Stroke},
  volume = {43},
  number = {6},
  pages = {1666--1668},
  year = {2012},
  publisher = {Lippincott Williams \& Wilkins},
}

@Article{ziai2012factors,
  title = {Factors affecting clot lysis rates in patients with spontaneous intraventricular hemorrhage},
  author = {Wendy C Ziai and John Muschelli and Carol B Thompson and Penelope M Keyl and Karen Lane and Shuai Shao and Daniel F Hanley},
  journal = {Stroke},
  volume = {43},
  number = {5},
  pages = {1234--1239},
  year = {2012},
  publisher = {Lippincott Williams \& Wilkins},
}
