@Article{savonen2023open,
  title = {Open-source Tools for Training Resources--{OTTR}},
  author = {Candace Savonen and Carrie Wright and Ava M Hoffman and John Muschelli and Katherine Cox and Frederick J Tan and Jeffrey T Leek},
  journal = {Journal of Statistics and Data Science Education},
  volume = {31},
  number = {1},
  pages = {57--65},
  year = {2023},
  publisher = {Taylor \& Francis},
}
